<?xml version="1.0" encoding="UTF-8"?><collection xmlns="http://www.loc.gov/MARC21/slim"><record><leader>00613nam--2200193-i-4500</leader><controlfield tag="001">000043230</controlfield><controlfield tag="002">20161230</controlfield><controlfield tag="005">20161230201043</controlfield><controlfield tag="008">060222s1000------------r-----000-0-rus-d</controlfield><datafield ind1=" " ind2=" " tag="040"><subfield code="a">IFIN-HH</subfield></datafield><datafield ind1=" " ind2=" " tag="041"><subfield code="a">rus</subfield></datafield><datafield ind1=" " ind2=" " tag="080"><subfield code="a">537.612</subfield></datafield><datafield ind1="1" ind2=" " tag="100"><subfield code="a">Knoepfel, Heinz</subfield></datafield><datafield ind1="1" ind2="0" tag="245"><subfield code="a">Sverhsilnie impulsnie magnitnie polia</subfield><subfield code="c">Heinz knoepfel</subfield></datafield><datafield ind1=" " ind2=" " tag="260"><subfield code="a">Moskva</subfield><subfield code="b">Mir</subfield><subfield code="c">1972</subfield></datafield><datafield ind1=" " ind2=" " tag="300"><subfield code="a">391P</subfield></datafield><datafield ind1=" " ind2=" " tag="500"><subfield code="a">Titlul Original In Limba Engleza: Pulsed High Magnetic Fields Physical Effects And Generation Methods Concerning Pulsed Fields Up To The Megaoersted Level</subfield></datafield><datafield ind1=" " ind2=" " tag="852"><subfield code="a">76187</subfield><subfield code="c">537.52</subfield></datafield><datafield ind1=" " ind2=" " tag="CAT"><subfield code="a">Sys</subfield><subfield code="c">20110804</subfield><subfield code="h">154021</subfield></datafield></record></collection>